<?xml version="1.0" encoding="utf-8"?>
<record xmlns="http://www.loc.gov/MARC21/slim" xmlns:xsi="http://www.w3.org/2001/XMLSchema-instance" xsi:schemaLocation="http://www.loc.gov/MARC21/slim http://www.loc.gov/standards/marcxml/schema/MARC21slim.xsd">
	<leader>     nam a22     Mi 4500</leader>
	<controlfield tag="001">2794664</controlfield>
	<controlfield tag="003">NjP</controlfield>
	<controlfield tag="006">m        d        </controlfield>
	<controlfield tag="007">cr cn |||m|||a</controlfield>
	<controlfield tag="008">190221m18819999mr      o     000 0 ara d</controlfield>
	<datafield ind1=" " ind2=" " tag="040">
		<subfield code="a">ZYU</subfield>
		<subfield code="b">ara</subfield>
		<subfield code="e">rda</subfield>
		<subfield code="c">ZYU</subfield>
	</datafield>
	<datafield ind1=" " ind2="4" tag="050">
		<subfield code="a">KBP874.55.M39</subfield>
		<subfield code="b">I87 1891</subfield>
	</datafield>
	<datafield ind1="1" ind2=" " tag="100">
		<subfield code="6">880-01</subfield>
		<subfield code="a">Mayyārah, Muḥammad ibn Aḥmad,</subfield>
		<subfield code="d">1590 or 1591-1661 or 1662.</subfield>
	</datafield>
	<datafield ind1="1" ind2="0" tag="240">
		<subfield code="6">880-02</subfield>
		<subfield code="a">Itqān wa-al-iḥkām fī sharḥ Tuḥfat al-aḥkām li-Ibn ʻĀṣim</subfield>
	</datafield>
	<datafield ind1="1" ind2="3" tag="245">
		<subfield code="6">880-03</subfield>
		<subfield code="a">al-Juzʼ al-awwal min Sharḥ al-ʻallāmah Sayyid Muḥammad  Mayyārah ʻalá Tuḥfat Ibn ʻĀṣim. Wa-bi-hāmishihi Ḥāshiyat al-Imām Sayyidī al-Ḥasan ibn Raḥḥāl.</subfield>
	</datafield>
	<datafield ind1="3" ind2="0" tag="246">
		<subfield code="6">880-04</subfield>
		<subfield code="a">Sharḥ al-ʻallāmah Sayyid Mayyārah ʻalá Tuḥfat Ibn ʻĀṣim</subfield>
	</datafield>
	<datafield ind1="1" ind2=" " tag="246">
		<subfield code="6">880-05</subfield>
		<subfield code="i">Title embedded in text on title page:</subfield>
		<subfield code="a">Sharḥ ... ʻalá Tuḥfat al-ḥukkām</subfield>
	</datafield>
	<datafield ind1=" " ind2=" " tag="260">
		<subfield code="6">880-06</subfield>
		<subfield code="a">[Morocco] :</subfield>
		<subfield code="b">Maṭbaʻat al-ʻArabī al-Azraq,</subfield>
		<subfield code="c">1298- [1881]-</subfield>
	</datafield>
	<datafield ind1=" " ind2=" " tag="300">
		<subfield code="a">online resource (volumes)</subfield>
	</datafield>
	<datafield ind1=" " ind2=" " tag="336">
		<subfield code="a">text</subfield>
		<subfield code="2">rdacontent</subfield>
	</datafield>
	<datafield ind1=" " ind2=" " tag="337">
		<subfield code="a">computer</subfield>
		<subfield code="2">rdamedia</subfield>
	</datafield>
	<datafield ind1=" " ind2=" " tag="338">
		<subfield code="a">online resource</subfield>
		<subfield code="2">rdacarrier</subfield>
	</datafield>
	<datafield ind1=" " ind2=" " tag="500">
		<subfield code="a">Title from caption on table of contents.</subfield>
	</datafield>
	<datafield ind1=" " ind2=" " tag="500">
		<subfield code="a">Part of the Arabic Collections Online (ACO) project, contributed by Princeton University Libraries.</subfield>
	</datafield>
	<datafield ind1=" " ind2=" " tag="533">
		<subfield code="a">Electronic reproduction.</subfield>
		<subfield code="b">New York, N.Y. :</subfield>
		<subfield code="c">New York University,</subfield>
		<subfield code="d">2019.</subfield>
		<subfield code="5">NNU</subfield>
	</datafield>
	<datafield ind1="1" ind2="0" tag="600">
		<subfield code="a">Ibn ʻĀṣim, Muḥammad ibn Muḥammad,</subfield>
		<subfield code="d">1359-1426.</subfield>
		<subfield code="t">Tuḥfat al-ḥukkām fī nukat al-ʻuqūd wa-al-aḥkām.</subfield>
	</datafield>
	<datafield ind1=" " ind2="0" tag="650">
		<subfield code="a">Islamic law</subfield>
		<subfield code="v">Early works to 1800.</subfield>
	</datafield>
	<datafield ind1="0" ind2="7" tag="630">
		<subfield code="a">Tuḥfat al-ḥukkām fī nukat al-ʻuqūd wa-al-aḥkām (Ibn ʻĀṣim, Muḥammad ibn Muḥammad)</subfield>
		<subfield code="2">fast</subfield>
		<subfield code="0">(OCoLC)fst01383359</subfield>
	</datafield>
	<datafield ind1=" " ind2="7" tag="650">
		<subfield code="a">Islamic law.</subfield>
		<subfield code="2">fast</subfield>
		<subfield code="0">(OCoLC)fst00979949</subfield>
	</datafield>
	<datafield ind1=" " ind2="7" tag="655">
		<subfield code="a">Early works.</subfield>
		<subfield code="2">fast</subfield>
		<subfield code="0">(OCoLC)fst01411636</subfield>
	</datafield>
	<datafield ind1=" " ind2="7" tag="655">
		<subfield code="a">Lithographs</subfield>
		<subfield code="z">Morocco</subfield>
		<subfield code="y">1881.</subfield>
		<subfield code="2">gmgpc</subfield>
	</datafield>
	<datafield ind1="1" ind2="2" tag="700">
		<subfield code="6">880-07</subfield>
		<subfield code="a">Tadlāwī, al-Ḥasan ibn Raḥḥāl,</subfield>
		<subfield code="d">-1727 or 1728.</subfield>
		<subfield code="t">Ḥāshiyah ʻalá al-Itqān wa-al-iḥkām. </subfield>
	</datafield>
	<datafield ind1="2" ind2=" " tag="710">
		<subfield code="a">Princeton University.</subfield>
		<subfield code="b">Library.</subfield>
	</datafield>
	<datafield ind1="0" ind2=" " tag="730">
		<subfield code="a">Arabic Collections Online.</subfield>
	</datafield>
	<datafield ind1="0" ind2=" " tag="740">
		<subfield code="6">880-08</subfield>
		<subfield code="a">Ḥāshiyah ʻalá al-Itqān wa-al-iḥkām.</subfield>
	</datafield>
	<datafield ind1="0" ind2="8" tag="776">
		<subfield code="i">Online version:</subfield>
		<subfield code="a">Mayyārah, Muḥammad ibn Aḥmad, 1590 or 91-1661 or 2.</subfield>
		<subfield code="s">Itqān wa-al-iḥkām fī sharḥ Tuḥfat al-aḥkām li-Ibn ʻĀṣim.</subfield>
		<subfield code="t">Juzʼ al-awwal min Sharḥ al-ʻallāmah Sayyid Mayyārah ʻalá Tuḥfat Ibn ʻĀṣim. Wa-bi-hāmishihi Ḥāshiyat al-Imām Sayyidī al-Ḥasan ibn Raḥḥāl.</subfield>
		<subfield code="d">[Morocco] : Maṭbaʻat al-ʻArabī al-Azraq, 1298- [1881]-</subfield>
		<subfield code="w">(OCoLC)656663224</subfield>
	</datafield>
	<datafield ind1="0" ind2="8" tag="776">
		<subfield code="i">Print version:</subfield>
		<subfield code="a">Mayyārah, Muḥammad ibn Aḥmad, 1590 or 1591-1661 or 1662.</subfield>
		<subfield code="t">al-Juzʼ al-awwal min Sharḥ al-ʻallāmah Sayyid Muḥammad  Mayyārah ʻalá Tuḥfat Ibn ʻĀṣim. Wa-bi-hāmishihi Ḥāshiyat al-Imām Sayyidī al-Ḥasan ibn Raḥḥāl</subfield>
		<subfield code="w">(NjP)2794664</subfield>
		<subfield code="w">(OCoLC)81410905</subfield>
	</datafield>
	<datafield ind1="4" ind2="0" tag="856">
		<subfield code="u">http://hdl.handle.net/2333.1/1g1jx1k8</subfield>
	</datafield>
	<datafield ind1="1" ind2=" " tag="880">
		<subfield code="6">100-01</subfield>
		<subfield code="a">ميارة، محمد بن احمد،‎‎</subfield>
		<subfield code="d">1590 or 1591-1661 or 1662.</subfield>
	</datafield>
	<datafield ind1="1" ind2="0" tag="880">
		<subfield code="6">240-02</subfield>
		<subfield code="a">اتقان والاحكام في شرح تحفة الاحكام لابن عاصم‎‎</subfield>
	</datafield>
	<datafield ind1="1" ind2="2" tag="880">
		<subfield code="6">245-03</subfield>
		<subfield code="a">الجزء الاول من شرح العلامة سيد محمد  ميارة على تحفة ابن عاصم. وبهامشه حاشية الامام سيدي الحسن بن رحال.‎‎</subfield>
	</datafield>
	<datafield ind1="3" ind2="0" tag="880">
		<subfield code="6">246-04</subfield>
		<subfield code="a">شرح العلامة سيد ميارة على تحفة ابن عاصم‎‎</subfield>
	</datafield>
	<datafield ind1="1" ind2=" " tag="880">
		<subfield code="6">246-05</subfield>
		<subfield code="i">Title embedded in text on title page:</subfield>
		<subfield code="a">شرح ... على تحفة الحكام‎‎</subfield>
	</datafield>
	<datafield ind1=" " ind2=" " tag="880">
		<subfield code="6">260-06</subfield>
		<subfield code="a">[مغرب] :‎‎</subfield>
		<subfield code="b">مطبعة العربي الازرق،‎‎</subfield>
		<subfield code="c">1298- [1881]-</subfield>
	</datafield>
	<datafield ind1="1" ind2="2" tag="880">
		<subfield code="6">700-07</subfield>
		<subfield code="a">تدلاوي، الحسن بن رحال،‎‎</subfield>
		<subfield code="d">-1727 or 1728.</subfield>
		<subfield code="t">حاشية على الاتقان والاحكام. ‎‎</subfield>
	</datafield>
	<datafield ind1="0" ind2=" " tag="880">
		<subfield code="6">740-08</subfield>
		<subfield code="a">حاشية على الاتقان والاحكام.‎‎</subfield>
	</datafield>
	<datafield ind1=" " ind2=" " tag="959">
		<subfield code="a">NNU</subfield>
		<subfield code="b">WEB</subfield>
		<subfield code="c">GENI</subfield>
		<subfield code="t">0</subfield>
		<subfield code="m">Electronic access</subfield>
		<subfield code="s">01</subfield>
	</datafield>
	<datafield ind1=" " ind2=" " tag="999">
		<subfield code="i">NjP_2794664</subfield>
		<subfield code="o">(OCoLC)ocm81410905</subfield>
		<subfield code="s">princeton_aco001709:juz 1</subfield>
		<subfield code="e">(ERROR-880)(ERROR-MISC)</subfield>
		<subfield code="s">princeton_aco001709:juz 1</subfield>
	</datafield>
</record>
